@inproceedings{sahai2005fuzzy,
  title={Fuzzy identity-based encryption},
  author={Sahai, Amit and Waters, Brent},
  booktitle={Annual International Conference on the Theory and Applications of Cryptographic Techniques},
  pages={457--473},
  year={2005},
  organization={Springer}
}
@inproceedings{bethencourt2007ciphertext,
  title={Ciphertext-policy attribute-based encryption},
  author={Bethencourt, John and Sahai, Amit and Waters, Brent},
  booktitle={Security and Privacy, 2007. SP'07. IEEE Symposium on},
  pages={321--334},
  year={2007},
  organization={IEEE}
}
@inproceedings{chase2007multi,
  title={Multi-authority attribute based encryption},
  author={Chase, Melissa},
  booktitle={Theory of Cryptography Conference},
  pages={515--534},
  year={2007},
  organization={Springer}
}
@inproceedings{chase2009improving,
  title={Improving privacy and security in multi-authority attribute-based encryption},
  author={Chase, Melissa and Chow, Sherman SM},
  booktitle={Proceedings of the 16th ACM conference on Computer and communications security},
  pages={121--130},
  year={2009},
  organization={ACM}
}
@inproceedings{goyal2006attribute,
  title={Attribute-based encryption for fine-grained access control of encrypted data},
  author={Goyal, Vipul and Pandey, Omkant and Sahai, Amit and Waters, Brent},
  booktitle={Proceedings of the 13th ACM conference on Computer and communications security},
  pages={89--98},
  year={2006},
  organization={Acm}
}
@article{yang2013dac,
  title={DAC-MACS: Effective data access control for multiauthority cloud storage systems},
  author={Yang, Kan and Jia, Xiaohua and Ren, Kui and Zhang, Bo and Xie, Ruitao},
  journal={IEEE Transactions on Information Forensics and Security},
  volume={8},
  number={11},
  pages={1790--1801},
  year={2013},
  publisher={IEEE}
}

@article{wu2017security,
  title={On the security of data access control for multiauthority cloud storage systems},
  author={Wu, Xianglong and Jiang, Rui and Bhargava, Bharat},
  journal={IEEE Transactions on Services Computing},
  volume={10},
  number={2},
  pages={258--272},
  year={2017},
  publisher={IEEE}
}

@article{li2017two,
  title={Two-factor data access control with efficient revocation for multi-authority cloud storage systems},
  author={Li, Xiaoyu and Tang, Shaohua and Xu, Lingling and Wang, Huaqun and Chen, Jie},
  journal={IEEE Access},
  volume={5},
  pages={393--405},
  year={2017},
  publisher={IEEE}
}

@article{li2016secure,
  title={Secure, efficient and revocable multi-authority access control system in cloud storage},
  author={Li, Qi and Ma, Jianfeng and Li, Rui and Liu, Ximeng and Xiong, Jinbo and Chen, Danwei},
  journal={Computers \& Security},
  volume={59},
  pages={45--59},
  year={2016},
  publisher={Elsevier}
}






