@inproceedings{sahai2005fuzzy,
  title={Fuzzy identity-based encryption},
  author={Sahai, Amit and Waters, Brent},
  booktitle={Annual International Conference on the Theory and Applications of Cryptographic Techniques},
  pages={457--473},
  year={2005},
  organization={Springer}
}
% CP-ABE
@inproceedings{bethencourt2007ciphertext,
  title={Ciphertext-policy attribute-based encryption},
  author={Bethencourt, John and Sahai, Amit and Waters, Brent},
  booktitle={Security and Privacy, 2007. SP'07. IEEE Symposium on},
  pages={321--334},
  year={2007},
  organization={IEEE}
}
% MA-ABE
@inproceedings{chase2007multi,
  title={Multi-authority attribute based encryption},
  author={Chase, Melissa},
  booktitle={Theory of Cryptography Conference},
  pages={515--534},
  year={2007},
  organization={Springer}
}
% MA-ABE improving
@inproceedings{chase2009improving,
  title={Improving privacy and security in multi-authority attribute-based encryption},
  author={Chase, Melissa and Chow, Sherman SM},
  booktitle={Proceedings of the 16th ACM conference on Computer and communications security},
  pages={121--130},
  year={2009},
  organization={ACM}
}

% KP-ABE
@inproceedings{goyal2006attribute,
  title={Attribute-based encryption for fine-grained access control of encrypted data},
  author={Goyal, Vipul and Pandey, Omkant and Sahai, Amit and Waters, Brent},
  booktitle={Proceedings of the 13th ACM conference on Computer and communications security},
  pages={89--98},
  year={2006},
  organization={Acm}
}
% DAC-MACS
@article{yang2013dac,
  title={DAC-MACS: Effective data access control for multiauthority cloud storage systems},
  author={Yang, Kan and Jia, Xiaohua and Ren, Kui and Zhang, Bo and Xie, Ruitao},
  journal={IEEE Transactions on Information Forensics and Security},
  volume={8},
  number={11},
  pages={1790--1801},
  year={2013},
  publisher={IEEE}
}
%NE-DAC-MACS
@article{wu2017security,
  title={On the security of data access control for multiauthority cloud storage systems},
  author={Wu, Xianglong and Jiang, Rui and Bhargava, Bharat},
  journal={IEEE Transactions on Services Computing},
  volume={10},
  number={2},
  pages={258--272},
  year={2017},
  publisher={IEEE}
}
%TF-DAC-MACS
@article{li2017two,
  title={Two-factor data access control with efficient revocation for multi-authority cloud storage systems},
  author={Li, Xiaoyu and Tang, Shaohua and Xu, Lingling and Wang, Huaqun and Chen, Jie},
  journal={IEEE Access},
  volume={5},
  pages={393--405},
  year={2017},
  publisher={IEEE}
}
% MAACS
@article{li2016secure,
  title={Secure, efficient and revocable multi-authority access control system in cloud storage},
  author={Li, Qi and Ma, Jianfeng and Li, Rui and Liu, Ximeng and Xiong, Jinbo and Chen, Danwei},
  journal={Computers \& Security},
  volume={59},
  pages={45--59},
  year={2016},
  publisher={Elsevier}
}
@article{wong2000secure,
  title={Secure group communications using key graphs},
  author={Wong, Chung Kei and Gouda, Mohamed and Lam, Simon S},
  journal={IEEE/ACM Transactions on Networking (TON)},
  volume={8},
  number={1},
  pages={16--30},
  year={2000},
  publisher={IEEE Press}
}
% Overview
@article{nagarajan2018overview,
  title={An Overview of Data Access Control in Security for Multi authority Cloud Storage Systems},
  journal={IJSRCSEIT - International Journal of Scientific Research in Computer Science},
  volume={3},
  number={3},
  author={Nagarajan, R and Priscilla, G Maria},
  year={2018},
  pages={1901--1910},
  publisher={IJSRCSEIT}
}
@inproceedings{thatmann2016please,
  title={" Please, No More GUIs!": A User Study, Prototype Development and Evaluation on the Integration of Attribute-Based Encryption in a Hospital Environment},
  author={Thatmann, Dirk and Raschke, Philip and K{\"u}pper, Axel},
  booktitle={Computer Software and Applications Conference (COMPSAC), 2016 IEEE 40th Annual},
  volume={2},
  pages={496--502},
  year={2016},
  organization={IEEE}
}
@article{li2013scalable,
  title={Scalable and secure sharing of personal health records in cloud computing using attribute-based encryption},
  author={Li, Ming and Yu, Shucheng and Zheng, Yao and Ren, Kui and Lou, Wenjing},
  journal={IEEE transactions on parallel and distributed systems},
  volume={24},
  number={1},
  pages={131--143},
  year={2013},
  publisher={IEEE}
}
@inproceedings{akinyele2011securing,
  title={Securing electronic medical records using attribute-based encryption on mobile devices},
  author={Akinyele, Joseph A and Pagano, Matthew W and Green, Matthew D and Lehmann, Christoph U and Peterson, Zachary NJ and Rubin, Aviel D},
  booktitle={Proceedings of the 1st ACM workshop on Security and privacy in smartphones and mobile devices},
  pages={75--86},
  year={2011},
  organization={ACM}
}
% JTR
@article{liu2016practical,
  title={Practical attribute-based encryption: traitor tracing, revocation and large universe},
  author={Liu, Zhen and Wong, Duncan S},
  journal={The Computer Journal},
  volume={59},
  number={7},
  pages={983--1004},
  year={2016},
  publisher={British Computer Society}
}
@article{li2013matrix,
  title={Matrix access structure policy used in attribute-based proxy re-encryption},
  author={Li, Keying},
  journal={arXiv preprint arXiv:1302.6428},
  year={2013}
}
@techreport{wallner1999key,
  title={Key management for multicast: Issues and architectures},
  author={Wallner, Debby and Harder, Eric and Agee, Ryan},
  year={1999}
}
@techreport{harney1997group,
  title={Group key management protocol (GKMP) architecture},
  author={Harney, Hugh and Muckenhirn, Carl},
  year={1997}
}
@inproceedings{canetti1999multicast,
  title={Multicast security: A taxonomy and some efficient constructions},
  author={Canetti, Ran and Garay, Juan and Itkis, Gene and Micciancio, Daniele and Naor, Moni and Pinkas, Benny},
  booktitle={INFOCOM'99. Eighteenth Annual Joint Conference of the IEEE Computer and Communications Societies. Proceedings. IEEE},
  volume={2},
  pages={708--716},
  year={1999},
  organization={IEEE}
}
@article{sherman2003key,
  title={Key establishment in large dynamic groups using one-way function trees},
  author={Sherman, Alan T and McGrew, David A},
  journal={IEEE transactions on Software Engineering},
  volume={29},
  number={5},
  pages={444--458},
  year={2003},
  publisher={IEEE}
}
@inproceedings{steiner1996diffie,
  title={Diffie-Hellman key distribution extended to group communication},
  author={Steiner, Michael and Tsudik, Gene and Waidner, Michael},
  booktitle={Proceedings of the 3rd ACM conference on Computer and communications security},
  pages={31--37},
  year={1996},
  organization={ACM}
}

