@inproceedings{sahai2005fuzzy,
  title={Fuzzy identity-based encryption},
  author={Sahai, Amit and Waters, Brent},
  booktitle={Annual International Conference on the Theory and Applications of Cryptographic Techniques},
  pages={457--473},
  year={2005},
  organization={Springer}
}
@inproceedings{shamir1984identity,
  title={Identity-based cryptosystems and signature schemes},
  author={Shamir, Adi},
  booktitle={Workshop on the theory and application of cryptographic techniques},
  pages={47--53},
  year={1984},
  organization={Springer}
}
@inproceedings{boneh2001identity,
  title={Identity-based encryption from the Weil pairing},
  author={Boneh, Dan and Franklin, Matt},
  booktitle={Annual international cryptology conference},
  pages={213--229},
  year={2001},
  organization={Springer}
}


% CP-ABE
@inproceedings{bethencourt2007ciphertext,
  title={Ciphertext-policy attribute-based encryption},
  author={Bethencourt, John and Sahai, Amit and Waters, Brent},
  booktitle={Security and Privacy, 2007. SP'07. IEEE Symposium on},
  pages={321--334},
  year={2007},
  organization={IEEE}
}
% MA-ABE
@inproceedings{chase2007multi,
  title={Multi-authority attribute based encryption},
  author={Chase, Melissa},
  booktitle={Theory of Cryptography Conference},
  pages={515--534},
  year={2007},
  organization={Springer}
}
% MA-ABE improving
@inproceedings{chase2009improving,
  title={Improving privacy and security in multi-authority attribute-based encryption},
  author={Chase, Melissa and Chow, Sherman SM},
  booktitle={Proceedings of the 16th ACM conference on Computer and communications security},
  pages={121--130},
  year={2009},
  organization={ACM}
}

% KP-ABE
@inproceedings{goyal2006attribute,
  title={Attribute-based encryption for fine-grained access control of encrypted data},
  author={Goyal, Vipul and Pandey, Omkant and Sahai, Amit and Waters, Brent},
  booktitle={Proceedings of the 13th ACM conference on Computer and communications security},
  pages={89--98},
  year={2006},
  organization={Acm}
}
% DAC-MACS
@article{yang2013dac,
  title={DAC-MACS: Effective data access control for multiauthority cloud storage systems},
  author={Yang, Kan and Jia, Xiaohua and Ren, Kui and Zhang, Bo and Xie, Ruitao},
  journal={IEEE Transactions on Information Forensics and Security},
  volume={8},
  number={11},
  pages={1790--1801},
  year={2013},
  publisher={IEEE}
}
%NE-DAC-MACS
@article{wu2017security,
  title={On the security of data access control for multiauthority cloud storage systems},
  author={Wu, Xianglong and Jiang, Rui and Bhargava, Bharat},
  journal={IEEE Transactions on Services Computing},
  volume={10},
  number={2},
  pages={258--272},
  year={2017},
  publisher={IEEE}
}
%TF-DAC-MACS
@article{li2017two,
  title={Two-factor data access control with efficient revocation for multi-authority cloud storage systems},
  author={Li, Xiaoyu and Tang, Shaohua and Xu, Lingling and Wang, Huaqun and Chen, Jie},
  journal={IEEE Access},
  volume={5},
  pages={393--405},
  year={2017},
  publisher={IEEE}
}
% MAACS
@article{li2016secure,
  title={Secure, efficient and revocable multi-authority access control system in cloud storage},
  author={Li, Qi and Ma, Jianfeng and Li, Rui and Liu, Ximeng and Xiong, Jinbo and Chen, Danwei},
  journal={Computers \& Security},
  volume={59},
  pages={45--59},
  year={2016},
  publisher={Elsevier}
}
@article{wong2000secure,
  title={Secure group communications using key graphs},
  author={Wong, Chung Kei and Gouda, Mohamed and Lam, Simon S},
  journal={IEEE/ACM Transactions on Networking (TON)},
  volume={8},
  number={1},
  pages={16--30},
  year={2000},
  publisher={IEEE Press}
}
% Overview
@article{nagarajan2018overview,
  title={An Overview of Data Access Control in Security for Multi authority Cloud Storage Systems},
  journal={IJSRCSEIT - International Journal of Scientific Research in Computer Science},
  volume={3},
  number={3},
  author={Nagarajan, R and Priscilla, G Maria},
  year={2018},
  pages={1901--1910},
  publisher={IJSRCSEIT}
}
% Overview
@article{lee2013survey,
  title={A Survey on Attribute-based Encryption Schemes of Access Control in Cloud Environments.},
  author={Lee, Cheng-Chi and Chung, Pei-Shan and Hwang, Min-Shiang},
  journal={IJ Network Security},
  volume={15},
  number={4},
  pages={231--240},
  year={2013}
}
@inproceedings{thatmann2016please,
  title={" Please, No More GUIs!": A User Study, Prototype Development and Evaluation on the Integration of Attribute-Based Encryption in a Hospital Environment},
  author={Thatmann, Dirk and Raschke, Philip and K{\"u}pper, Axel},
  booktitle={Computer Software and Applications Conference (COMPSAC), 2016 IEEE 40th Annual},
  volume={2},
  pages={496--502},
  year={2016},
  organization={IEEE}
}
@article{li2013scalable,
  title={Scalable and secure sharing of personal health records in cloud computing using attribute-based encryption},
  author={Li, Ming and Yu, Shucheng and Zheng, Yao and Ren, Kui and Lou, Wenjing},
  journal={IEEE transactions on parallel and distributed systems},
  volume={24},
  number={1},
  pages={131--143},
  year={2013},
  publisher={IEEE}
}
@inproceedings{akinyele2011securing,
  title={Securing electronic medical records using attribute-based encryption on mobile devices},
  author={Akinyele, Joseph A and Pagano, Matthew W and Green, Matthew D and Lehmann, Christoph U and Peterson, Zachary NJ and Rubin, Aviel D},
  booktitle={Proceedings of the 1st ACM workshop on Security and privacy in smartphones and mobile devices},
  pages={75--86},
  year={2011},
  organization={ACM}
}
% JTR
@article{liu2016practical,
  title={Practical attribute-based encryption: traitor tracing, revocation and large universe},
  author={Liu, Zhen and Wong, Duncan S},
  journal={The Computer Journal},
  volume={59},
  number={7},
  pages={983--1004},
  year={2016},
  publisher={British Computer Society}
}
@article{li2013matrix,
  title={Matrix access structure policy used in attribute-based proxy re-encryption},
  author={Li, Keying},
  journal={arXiv preprint arXiv:1302.6428},
  year={2013}
}
@techreport{wallner1999key,
  title={Key management for multicast: Issues and architectures},
  author={Wallner, Debby and Harder, Eric and Agee, Ryan},
  year={1999}
}
@techreport{harney1997group,
  title={Group key management protocol (GKMP) architecture},
  author={Harney, Hugh and Muckenhirn, Carl},
  year={1997}
}
@inproceedings{canetti1999multicast,
  title={Multicast security: A taxonomy and some efficient constructions},
  author={Canetti, Ran and Garay, Juan and Itkis, Gene and Micciancio, Daniele and Naor, Moni and Pinkas, Benny},
  booktitle={INFOCOM'99. Eighteenth Annual Joint Conference of the IEEE Computer and Communications Societies. Proceedings. IEEE},
  volume={2},
  pages={708--716},
  year={1999},
  organization={IEEE}
}
@article{sherman2003key,
  title={Key establishment in large dynamic groups using one-way function trees},
  author={Sherman, Alan T and McGrew, David A},
  journal={IEEE transactions on Software Engineering},
  volume={29},
  number={5},
  pages={444--458},
  year={2003},
  publisher={IEEE}
}
@inproceedings{steiner1996diffie,
  title={Diffie-Hellman key distribution extended to group communication},
  author={Steiner, Michael and Tsudik, Gene and Waidner, Michael},
  booktitle={Proceedings of the 3rd ACM conference on Computer and communications security},
  pages={31--37},
  year={1996},
  organization={ACM}
}
@article{galbraith2008pairings,
  title={Pairings for cryptographers},
  author={Galbraith, Steven D and Paterson, Kenneth G and Smart, Nigel P},
  journal={Discrete Applied Mathematics},
  volume={156},
  number={16},
  pages={3113--3121},
  year={2008},
  publisher={Elsevier}
}

%weil pairing
@Article{Miller2004,
  author="Miller, Victor S.",
  title="The Weil Pairing, and Its Efficient Calculation",
  journal="Journal of Cryptology",
  year="2004",
  month="Sep",
  day="01",
  volume="17",
  number="4",
  pages="235--261",
  abstract="The Weil Pairing, first introduced by Andr{\'e} Weil in 1940, plays animportant role in the theoretical study of the arithmetic ofelliptic curves and Abelian varieties.  It has also recently becomeextremely useful in cryptologic constructions related to thoseobjects.  This paper gives the definition of the Weil Pairing,describes efficient algorithms to calculate it, gives twoapplications, and describes the motivation to considering it.",
  issn="1432-1378",
  doi="10.1007/s00145-004-0315-8",
  url="https://doi.org/10.1007/s00145-004-0315-8"
}
%KP-ABE with revocation
@article{shi2015directly,
  title={Directly revocable key-policy attribute-based encryption with verifiable ciphertext delegation},
  author={Shi, Yanfeng and Zheng, Qingji and Liu, Jiqiang and Han, Zhen},
  journal={Information Sciences},
  volume={295},
  pages={221--231},
  year={2015},
  publisher={Elsevier}
}
% CP-ABE with revocation
@article{liang2010ciphertext,
  title={Ciphertext policy attribute based encryption with efficient revocation},
  author={Liang, Xiaohui and Lu, Rongxing and Lin, Xiaodong and Shen, Xuemin Sherman},
  year={2010},
  publisher={Citeseer}
}
% HABE
@inproceedings{Wang:2010:HAE:1866307.1866414,
 author = {Wang, Guojun and Liu, Qin and Wu, Jie},
 title = {Hierarchical Attribute-based Encryption for Fine-grained Access Control in Cloud Storage Services},
 booktitle = {Proceedings of the 17th ACM Conference on Computer and Communications Security},
 series = {CCS '10},
 year = {2010},
 isbn = {978-1-4503-0245-6},
 location = {Chicago, Illinois, USA},
 pages = {735--737},
 numpages = {3},
 url = {http://doi.acm.org/10.1145/1866307.1866414},
 doi = {10.1145/1866307.1866414},
 acmid = {1866414},
 publisher = {ACM},
 address = {New York, NY, USA},
 keywords = {cloud computing, fine-grained access control, hierarchical attribute-based encryption, scalability},
} 
% Non monotonic access strctures ABE
@inproceedings{Ostrovsky:2007:AEN:1315245.1315270,
 author = {Ostrovsky, Rafail and Sahai, Amit and Waters, Brent},
 title = {Attribute-based Encryption with Non-monotonic Access Structures},
 booktitle = {Proceedings of the 14th ACM Conference on Computer and Communications Security},
 series = {CCS '07},
 year = {2007},
 isbn = {978-1-59593-703-2},
 location = {Alexandria, Virginia, USA},
 pages = {195--203},
 numpages = {9},
 url = {http://doi.acm.org/10.1145/1315245.1315270},
 doi = {10.1145/1315245.1315270},
 acmid = {1315270},
 publisher = {ACM},
 address = {New York, NY, USA},
} 
@InProceedings{10.1007/978-3-642-54631-0_16,
author="Yamada, Shota
and Attrapadung, Nuttapong
and Hanaoka, Goichiro
and Kunihiro, Noboru",
editor="Krawczyk, Hugo",
title="A Framework and Compact Constructions for Non-monotonic Attribute-Based Encryption",
booktitle="Public-Key Cryptography -- PKC 2014",
year="2014",
publisher="Springer Berlin Heidelberg",
address="Berlin, Heidelberg",
pages="275--292",
abstract="In this paper, we propose new non-monotonic attribute-based encryption schemes with compact parameters. The first three schemes are key-policy attribute-based encryption (KP-ABE) and the fourth scheme is ciphertext-policy attribute-based encryption (CP-ABE) scheme.",
isbn="978-3-642-54631-0"
}
@article{wang2011hierarchical,
  title={Hierarchical attribute-based encryption and scalable user revocation for sharing data in cloud servers},
  author={Wang, Guojun and Liu, Qin and Wu, Jie and Guo, Minyi},
  journal={computers \& security},
  volume={30},
  number={5},
  pages={320--331},
  year={2011},
  publisher={Elsevier}
}
@inproceedings{lewko2010revocation,
  title={Revocation systems with very small private keys},
  author={Lewko, Allison and Sahai, Amit and Waters, Brent},
  booktitle={2010 IEEE Symposium on Security and Privacy (SP)},
  pages={273--285},
  year={2010},
  organization={IEEE}
}
% DABE
@inproceedings{lewko2011decentralizing,
  title={Decentralizing attribute-based encryption},
  author={Lewko, Allison and Waters, Brent},
  booktitle={Annual international conference on the theory and applications of cryptographic techniques},
  pages={568--588},
  year={2011},
  organization={Springer}
}
% Revocable DABE
@article{cui2016revocable,
  title={Revocable and decentralized attribute-based encryption},
  author={Cui, Hui and Deng, Robert H},
  journal={The Computer Journal},
  volume={59},
  number={8},
  pages={1220--1235},
  year={2016},
  publisher={British Computer Society}
}
% jPBC
@inproceedings{ISCC:DecIov11,
    author    = {Angelo {De Caro} and Vincenzo Iovino},
    title     = {jPBC: Java pairing based cryptography},
    year      = {2011},
    pages     = {850-855},
    booktitle = {Proceedings of the 16th IEEE Symposium on Computers and Communications, ISCC 2011},
    address   = {Kerkyra, Corfu, Greece, June 28 - July 1},
    publisher = {IEEE},
    url       = {http://gas.dia.unisa.it/projects/jpbc/},
}
@unpublished{bethencourt2015intro,
  title = {Intro into Bilinear Maps},
  author={Bethencourt, John},
  school={Carnegie Mellon University},
  year={2015},
  note = {\url{https://people.csail.mit.edu/alinush/6.857-spring-2015/papers/bilinear-maps.pdf}}
}
// LSSS
@article{liu2010efficient,
  title={Efficient generation of linear secret sharing scheme matrices from threshold access trees},
  author={Liu, Zhen and Cao, Zhenfu and Wong, Duncan S},
  journal={Cryptology ePrint Archive: Listing},
  year={2010}
}








